@string{jasa_full    =  "Journal of the Acoustical Society of America"}
                  
@ARTICLE{Allen,
	AUTHOR = "Jont B. Allen and David A. Berkley",
	TITLE = "Image Method for Efficiently Simulating Small-Room Acoustics",
	JOURNAL = jasa_full,
	VOLUME = 65,
	PAGES = {943--950},
	YEAR = 1979
}

@ARTICLE{Borish,
	AUTHOR = "Jefferey Borish",
	TITLE = "Extension of the Image Model to Arbitrary Polyhedra",
	JOURNAL = jasa_full,
	YEAR = 1984,
	VOLUME = 75,
	NUMBER = 6,
	PAGES = "1827--1836"
}

@BOOK{Morse,
	AUTHOR = "Phillip M. Morse and K. U. Ingard",
	TITLE = "Theoretical Acoustics",
	PUBLISHER = "McGraw-Hill", 
	ADDRESS = "New York",
	YEAR = 1968
}
